@inproceedings{ray2014evolving,
  title={Evolving QWOP gaits},
  author={Ray, Steven and Gordon, Vahl Scott and Vaucher, Laurent},
  booktitle={Proceedings of the 2014 Annual Conference on Genetic and Evolutionary Computation},
  pages={823--830},
  year={2014},
  organization={ACM}
}